% Sample bibliography data base for BibTeX.
%
% Created: 2000/10/04.
% Author : K. O. Homan
% 
% $Id: add.bib,v 1.1 2011/07/12 21:37:11 khoman Exp khoman $
%
% $Log: add.bib,v $
% Revision 1.1  2011/07/12 21:37:11  khoman
% Initial revision
%
% Revision 1.1  2000/10/04 19:46:46  khoman
% Initial revision
%
% Revision 1.1  2000/10/04 19:32:56  khoman
% Initial revision
%
%

% Exnihilo
@TECHREPORT{ref:evanst,
  AUTHOR =        {Tom Evans and Greg Davidson and Josh Jarrell and Steven Hamilton and Seth Johnson and Tara Pandya},
  TITLE =         {{Exnihilo Transport Methods Manual}},
  NUMBER =        {???},
  INSTITUTION =   {Radiation Transport Group, Reactor and Nuclear Systems Division, Oak Ridge National Laboratory},
  ADDRESS =       {Oak Ridge, Tennessee},
  NOTE =          {},
  MONTH =         {},
  YEAR  =         {2006},
}

% Disc. Ord
@phdthesis{ref:dehartm,
  author       = {Mark David DeHart}, 
  title        = {{A Discrete Ordinates Approximation to the Neutron Transport Equation Applied to Generalized Geometries}},
  school       = {Texas A{\&}M University},
  year         = 1993,
}

@article{ref:ibrahima,
author  = {Ahmad M. Ibrahim and Paul P. H. Wilson and Mohammed E. Sawan and Scott W. Mosher and Douglas E. Peplow and John C. Wagner and Thomas M. Evans and Robert E. Grove},
title   = {{Automatic Mesh Adaptivity for Hybrid Monte Carlo/Deterministic Neutronics Modeling of Difficult Shielding Problems}},
journal = {Nuclear Science and Engineering},
volume  = {181},
pages   = {48--59},
year    = {2015},
}

@article{ref:leeb,
author  = {B. Lee},
title   = {{Space-angle-energy multigrid methods for S$_n$ discretizations of the multi-energetic Boltzmann equation}},
journal = {Numerical Linear Algebra with Applications},
volume  = {19},
pages   = {773--795},
year    = {2012},
}

@article{ref:ahrensc,
author  = {Cory D. Ahrens},
title   = {{Lagrange Discrete Ordinates: a new angular discretization for the three dimensional linear Boltzmann equation}},
journal = {Nuclear Science and Engineering},
volume  = {180},
pages   = {273--285},
year    = {2015},
}

@TECHREPORT{ref:wareingt,
  AUTHOR =        {Todd A. Wareing and Jim E. Morel and Donald K. Parsons},
  TITLE =         {{A First Collision Source Method for ATTILA, An Unstructured Tetrahedral Mesh Discrete Ordinates Code}},
  NUMBER =        {LA-UR-98-1373},
  INSTITUTION =   {Los Alamos National Laboratory},
  ADDRESS =       {Los Alamos, New Mexico},
  NOTE =          {},
  MONTH =         {September},
  YEAR  =         {1998},
}

@article{ref:mathewsk,
author  = {Kirk A. Mathews},
title   = {{On the Propagation of Rays in Discrete Ordinates}},
journal = {Nuclear Science and Engineering},
volume  = {132},
pages   = {155--180},
year    = {1999},
}

@TECHREPORT{ref:rhoadesw,
  AUTHOR =        {W. A. Rhoades and D. B. Simpson},
  TITLE =         {{The TORT Three-Dimensional Discrete Ordinates Neutron/Photon Transport Code}},
  NUMBER =        {ORNL/TM-13221},
  INSTITUTION =   {Oak Ridge National Laboratory},
  ADDRESS =       {Oak Ridge, Tennessee},
  MONTH =         {October},
  YEAR  =         {1997},
}

@BOOK{ref:lewise,
  TITLE = {Computational Methods of Neutron Transport},
  AUTHOR = {E. E. Lewis and W. F. Miller Jr.},
  YEAR = {1993},
  PUBLISHER = {American Nuclear Society},
}

% CT to phantom
@article{ref:sawc,
author  = {Cheng B. Saw adn Alphonse Loper and Krishna Komanduri and Tony Combine and Saiful Huq and Carol Scicutella},
title   = {{Determination of CT-to-density Conversion Relationship for Image-based Treatment Planning Systems}},
journal = {Midical Dosimetry},
volume  = {30},
number  = {3},
pages   = {145--148},
year    = {2005},
}

@article{ref:plessisf,
author  = {F. C. P. du Plesis and C. A. Willemse and M. G. L{\"o}tter and L. Goedhals},
title   = {{The indirect use of CT numbers to establish material properties needed for Monte Carlo calculation of dose distributions in patients}},
journal = {Medical Physcis},
volume  = {25},
number  = {7},
pages   = {1195--1201},
month   = {July},
year    = {1998},
}

@article{ref:schneideru,
author  = {Uwe Schneider and Eros Pedroni and Antony Lomax},
title   = {{The calibration of CT Hounsfield units for radiotherapy treatment planning}},
journal = {Physics in Medicine and Biology},
volume  = {41},
pages   = {111--124},
year    = {1996},
}

@article{ref:kimh,
author  = {Hyung Dong Kim and Byung Yong Kim and Eng Chan Kim and Sang Mo Yun and Jeong Ku Kang and Sung Kyu Kim},
title   = {{Comparison of Dose Distributions for Hounsfield Number Conversion Methods in GEANT4}},
journal = {Journal of the Korean Physical Society},
volume  = {64},
number  = {12},
pages   = {1912--1918},
month   = {June},
year    = {2014},
}

@article{ref:schneiderw,
author  = {Wilfried Schneider and Thomas Bortfeld and Wolfgang Schlegel},
title   = {{Correlation between CT numbers and tissue parameters needed for Monte Carlo simulations of clinical dose distributions}},
journal = {Physics in Medicine and Biology},
volume  = {45},
pages   = {459--478},
year    = {2000},
}

@article{ref:vanderstraetenb,
author  = {Barbara Vanderstraeten and Pil Wai Chin and Michael Fix and Antonio Leal and Grisel Mora and Nick Reynaert and Joao Seco and Martin Soukup and Emiliano Spezi and Wilfried De Neve and Hubert Thierens},
title   = {{Conversion of CT numbers into tissue parameters for Monte Carlo dose calculations: a multi-centre study}},
journal = {Physics in Medicine and Biology},
volume  = {52},
pages   = {539--562},
year    = {2007},
}

% Raytracer
@inproceedings{ref:wooa,
author  = {John Amanatides and Andrew Woo},
title   = {{A Fast Voxel Traversal Algorithm for Ray Tracing}},
booktitle = {Eurographics '87},
pages   = {3--10},
year    = {1987},
}

@article{ref:liuy,
author  = {Y. K. Liu and B. {\v Z}alik and H. Yang},
title   = {{An Integer One-Pass Algorithm for Voxel Traversal}},
journal = {Computer Graphics},
volume  = {23},
pages   = {167--172},
year    = {2004},
}

@article{ref:hel,
author  = {Lijun He and Shuang Liu and Jian Yun and Yongkui Liu},
title   = {{A Line Generation Algorithm over 3D Body-centered Cubic Lattice}},
journal = {Journal of Multimedia},
volume  = {8},
number  = {1},
pages   = {40--47},
month   = {February},
year    = {2013},
}

@article{ref:ottossonr,
author  = {Rickard O. Ottosson and Claus F. Behrens},
title   = {{CTC-ask: a new algorithm for conversion of CT numbers to tissue parameters for Monte Carlo dose calculations applying DICOM RS knowledge}},
journal = {Physics in Medicine and Biology},
volume  = {56},
pages   = {N263--N274},
year    = {2011},
}











